@TechReport{kelly2021,
	author = {Kelly, Morgan},
	title = {{Persistence, randomization, and spatial noise}},
	type = {Working Paper},
	year = {2021},
	publisher = {Dublin: University College Dublin, UCD School of Economics},
	url = {https://www.econstor.eu/handle/10419/246498}
}
@article{valencia2019,
	author = {Valencia Caicedo, Felipe},
	title = {{The Mission: Human Capital Transmission, Economic Persistence, and Culture in South America}},
	journal = {Q. J. Econ.},
	volume = {134},
	number = {1},
	pages = {507--556},
	year = {2019},
	issn = {0033-5533},
	publisher = {Oxford Academic},
	doi = {10.1093/qje/qjy024}
}
@TechReport{dupont2023,
	author = {Dupont, Emiko and Marques, Isa and Kneib, Thomas},
	title = {{Demystifying Spatial Confounding}},
	publisher = {arXiv},
	year = {2023},
	type = {Working Paper},
	eprint = {2309.16861},
	doi = {10.48550/arXiv.2309.16861}
}
@incollection{sacerdote2011,
	author = {Sacerdote, Bruce},
	title = {{Peer Effects in Education: How Might They Work, How Big Are They and How Much Do We Know Thus Far?}},
	booktitle = {{Handbook of the Economics of Education}},
	volume = {3},
	pages = {249--277},
	year = {2011},
	month = jan,
	issn = {1574-0692},
	publisher = {Elsevier},
	address = {Walthm, MA, USA},
	doi = {10.1016/B978-0-444-53429-3.00004-1}
}
@article{lyle2007,
	author = {Lyle, David S.},
	title = {{Estimating and Interpreting Peer and Role Model Effects from Randomly Assigned Social Groups at West Point}},
	journal = {Rev. Econ. Stat.},
	volume = {89},
	number = {2},
	pages = {289--299},
	year = {2007},
	month = may,
	issn = {0034-6535},
	publisher = {MIT Press},
	doi = {10.1162/rest.89.2.289}
}
@article{carrell2009,
  title = {Does Your Cohort Matter? Measuring Peer Effects in College Achievement},
  volume = {27},
  ISSN = {1537-5307},
  url = {http://dx.doi.org/10.1086/600143},
  DOI = {10.1086/600143},
  number = {3},
  journal = {Journal of Labor Economics},
  publisher = {University of Chicago Press},
  author = {Carrell,  Scott E. and Fullerton,  Richard L. and West,  James E.},
  year = {2009},
  month = jul,
  pages = {439–464}
}
@article{angrist2014,
  title = {The perils of peer effects},
  volume = {30},
  ISSN = {0927-5371},
  url = {http://dx.doi.org/10.1016/j.labeco.2014.05.008},
  DOI = {10.1016/j.labeco.2014.05.008},
  journal = {Labour Economics},
  publisher = {Elsevier BV},
  author = {Angrist,  Joshua D.},
  year = {2014},
  month = oct,
  pages = {98–108}
}